@inproceedings{Frigo:2009:ROC:1583991.1584017,
 author = {Frigo, Matteo and Halpern, Pablo and Leiserson, Charles E. and Lewin-Berlin, Stephen},
 title = {Reducers and other Cilk++ hyperobjects},
 booktitle = {Proceedings of the twenty-first annual symposium on Parallelism in algorithms and architectures},
 series = {SPAA '09},
 year = {2009},
 isbn = {978-1-60558-606-9},
 location = {Calgary, AB, Canada},
 pages = {79--90},
 numpages = {12},
 url = {http://doi.acm.org/10.1145/1583991.1584017},
 doi = {10.1145/1583991.1584017},
 acmid = {1584017},
 publisher = {ACM},
 address = {New York, NY, USA},
 keywords = {cilk, cilk++, hyperobject, reducer},
}