@inproceedings{Cong:2008:SLI:1441431.1442459,
 author = {Cong, Guojing and Kodali, Sreedhar and Krishnamoorthy, Sriram and Lea, Doug and Saraswat, Vijay and Wen, Tong},
 title = {Solving Large, Irregular Graph Problems Using Adaptive Work-Stealing},
 booktitle = {Proceedings of the 2008 37th International Conference on Parallel Processing},
 series = {ICPP '08},
 year = {2008},
 isbn = {978-0-7695-3374-2},
 pages = {536--545},
 numpages = {10},
 url = {http://dx.doi.org/10.1109/ICPP.2008.88},
 doi = {10.1109/ICPP.2008.88},
 acmid = {1442459},
 publisher = {IEEE Computer Society},
 address = {Washington, DC, USA},
 keywords = {work-stealing, graph algorithms, fine-grained concurrency, X10, concurrency API, language runtime},
}