@inproceedings{Ullman:1990:HPT:97444.97686,
 author = {Ullman, J. and Yannakakis, M.},
 title = {High-probability parallel transitive closure algorithms},
 booktitle = {Proceedings of the second annual ACM symposium on Parallel algorithms and architectures},
 series = {SPAA '90},
 year = {1990},
 isbn = {0-89791-370-1},
 location = {Island of Crete, Greece},
 pages = {200--209},
 numpages = {10},
 url = {http://doi.acm.org/10.1145/97444.97686},
 doi = {10.1145/97444.97686},
 acmid = {97686},
 publisher = {ACM},
 address = {New York, NY, USA},
}