@inproceedings{Leiserson:2010:WPB:1810479.1810534,
 author = {Leiserson, Charles E. and Schardl, Tao B.},
 title = {A work-efficient parallel breadth-first search algorithm (or how to cope with the nondeterminism of reducers)},
 booktitle = {Proceedings of the 22nd ACM symposium on Parallelism in algorithms and architectures},
 series = {SPAA '10},
 year = {2010},
 isbn = {978-1-4503-0079-7},
 location = {Thira, Santorini, Greece},
 pages = {303--314},
 numpages = {12},
 url = {http://doi.acm.org/10.1145/1810479.1810534},
 doi = {10.1145/1810479.1810534},
 acmid = {1810534},
 publisher = {ACM},
 address = {New York, NY, USA},
 keywords = {breadth-first search, cilk, graph algorithms, hyperobjects, multithreading, nondeterminism, parallel algorithms, reducers, work-stealing},
}