@inproceedings{Saule:2012:EES:2357488.2357656,
 author = {Saule, Erik and Catalyurek, \"{U}mit V.},
 title = {An Early Evaluation of the Scalability of Graph Algorithms on the Intel MIC Architecture},
 booktitle = {Proceedings of the 2012 IEEE 26th International Parallel and Distributed Processing Symposium Workshops \& PhD Forum},
 series = {IPDPSW '12},
 year = {2012},
 isbn = {978-0-7695-4676-6},
 pages = {1629--1639},
 numpages = {11},
 url = {http://dx.doi.org/10.1109/IPDPSW.2012.204},
 doi = {10.1109/IPDPSW.2012.204},
 acmid = {2357656},
 publisher = {IEEE Computer Society},
 address = {Washington, DC, USA},
 keywords = {Graph algorithm, unstructured irregular computation, scalability, multi-threaded architectures, graph coloring, breadth-first search},
}