@inproceedings{cilk,
 author = {Frigo, Matteo and Halpern, Pablo and Leiserson, Charles E. and Lewin-Berlin, Stephen},
 title = {Reducers and other Cilk++ hyperobjects},
 booktitle = {Proceedings of the twenty-first annual symposium on Parallelism in algorithms and architectures},
 series = {SPAA '09},
 year = {2009},
 isbn = {978-1-60558-606-9},
 location = {Calgary, AB, Canada},
 pages = {79--90},
 numpages = {12},
 url = {http://doi.acm.org/10.1145/1583991.1584017},
 doi = {10.1145/1583991.1584017},
 acmid = {1584017},
 publisher = {ACM},
 address = {New York, NY, USA},
 keywords = {cilk, cilk++, hyperobject, reducer},
}
@inproceedings{block-queue-bfs,
 author = {Saule, Erik and Catalyurek, \"{U}mit V.},
 title = {An Early Evaluation of the Scalability of Graph Algorithms on the Intel MIC Architecture},
 booktitle = {Proceedings of the 2012 IEEE 26th International Parallel and Distributed Processing Symposium Workshops \& PhD Forum},
 series = {IPDPSW '12},
 year = {2012},
 isbn = {978-0-7695-4676-6},
 pages = {1629--1639},
 numpages = {11},
 url = {http://dx.doi.org/10.1109/IPDPSW.2012.204},
 doi = {10.1109/IPDPSW.2012.204},
 acmid = {2357656},
 publisher = {IEEE Computer Society},
 address = {Washington, DC, USA},
 keywords = {Graph algorithm, unstructured irregular computation, scalability, multi-threaded architectures, graph coloring, breadth-first search},
}
@inproceedings{mit-bag,
 author = {Leiserson, Charles E. and Schardl, Tao B.},
 title = {A work-efficient parallel breadth-first search algorithm (or how to cope with the nondeterminism of reducers)},
 booktitle = {Proceedings of the 22nd ACM symposium on Parallelism in algorithms and architectures},
 series = {SPAA '10},
 year = {2010},
 isbn = {978-1-4503-0079-7},
 location = {Thira, Santorini, Greece},
 pages = {303--314},
 numpages = {12},
 url = {http://doi.acm.org/10.1145/1810479.1810534},
 doi = {10.1145/1810479.1810534},
 acmid = {1810534},
 publisher = {ACM},
 address = {New York, NY, USA},
 keywords = {breadth-first search, cilk, graph algorithms, hyperobjects, multithreading, nondeterminism, parallel algorithms, reducers, work-stealing},
}
@inproceedings{blue-bfs,
 author = {Yoo, Andy and Chow, Edmond and Henderson, Keith and McLendon, William and Hendrickson, Bruce and Catalyurek, Umit},
 title = {A Scalable Distributed Parallel Breadth-First Search Algorithm on BlueGene/L},
 booktitle = {Proceedings of the 2005 ACM/IEEE conference on Supercomputing},
 series = {SC '05},
 year = {2005},
 isbn = {1-59593-061-2},
 pages = {25--},
 url = {http://dx.doi.org/10.1109/SC.2005.4},
 doi = {10.1109/SC.2005.4},
 acmid = {1105790},
 publisher = {IEEE Computer Society},
 address = {Washington, DC, USA},
}
@inproceedings{Cong:2008:SLI:1441431.1442459,
 author = {Cong, Guojing and Kodali, Sreedhar and Krishnamoorthy, Sriram and Lea, Doug and Saraswat, Vijay and Wen, Tong},
 title = {Solving Large, Irregular Graph Problems Using Adaptive Work-Stealing},
 booktitle = {Proceedings of the 2008 37th International Conference on Parallel Processing},
 series = {ICPP '08},
 year = {2008},
 isbn = {978-0-7695-3374-2},
 pages = {536--545},
 numpages = {10},
 url = {http://dx.doi.org/10.1109/ICPP.2008.88},
 doi = {10.1109/ICPP.2008.88},
 acmid = {1442459},
 publisher = {IEEE Computer Society},
 address = {Washington, DC, USA},
 keywords = {work-stealing, graph algorithms, fine-grained concurrency, X10, concurrency API, language runtime},
}
@inproceedings{distinguished-bfs,
 author = {Ullman, J. and Yannakakis, M.},
 title = {High-probability parallel transitive closure algorithms},
 booktitle = {Proceedings of the second annual ACM symposium on Parallel algorithms and architectures},
 series = {SPAA '90},
 year = {1990},
 isbn = {0-89791-370-1},
 location = {Island of Crete, Greece},
 pages = {200--209},
 numpages = {10},
 url = {http://doi.acm.org/10.1145/97444.97686},
 doi = {10.1145/97444.97686},
 acmid = {97686},
 publisher = {ACM},
 address = {New York, NY, USA},
}
@inproceedings{cray-bfs,
 author = {Bader, David A. and Madduri, Kamesh},
 title = {Designing Multithreaded Algorithms for Breadth-First Search and st-connectivity on the Cray MTA-2},
 booktitle = {Proceedings of the 2006 International Conference on Parallel Processing},
 series = {ICPP '06},
 year = {2006},
 isbn = {0-7695-2636-5},
 pages = {523--530},
 numpages = {8},
 url = {http://dx.doi.org/10.1109/ICPP.2006.34},
 doi = {10.1109/ICPP.2006.34},
 acmid = {1157602},
 publisher = {IEEE Computer Society},
 address = {Washington, DC, USA},
}
@ARTICLE{parallel-prefix-sum,
    author = {Richard E. Ladner and Michael and J. Fischer},
    title = {Parallel Prefix Computation},
    journal = {Journal of the ACM},
    year = {1980},
    volume = {27},
    pages = {831--838}
}
@MISC{race-to-idle,
    author = {Susanne Albers and Antonios Antoniadis},
    title = {Race to Idle: New Algorithms for Speed Scaling with a Sleep State},
    year = {}
}
@INPROCEEDINGS{Goldberg95optimaldeterministic,
    author = {Tal Goldberg and Uri Zwick},
    title = {Optimal Deterministic Approximate Parallel Prefix Sums and Their Applications},
    booktitle = {In Proc. Israel Symp. on Theory and Computing Systems (ISTCS'95},
    year = {1995},
    pages = {220--228}
}
